@misc{google,
  author={{Google LLC}},
  title={Google},
  year={2019},
  note={\newline Available at: \url{https://google.com} [Accessed 07 Jan. 2019]},
}

@mastersthesis{some-master,
  author={Master Mind},
  title={My Master Thesis},
  school={My School},
  year={2017},
  %note={\newline Available at: \url{http://hello.com/thesis.pdf} [Accessed 07 Jan. 2019]},
}

@book{my-book,
 title = {I wrote a book?},
 author = {Sebastian Wilczek},           
 year = {2017},
 location = {Somewhere},
 publisher = {The Publishing Company Ltd.}
}